<?xml version="1.0" encoding="UTF-8"?><collection><record><leader>06330ntm a2200565 a 4500</leader><controlfield tag="001">006769588</controlfield><controlfield tag="003">MiAaHDL</controlfield><controlfield tag="005">20190719000000.0</controlfield><controlfield tag="006">m        d        </controlfield><controlfield tag="007">cr bn ---auaua</controlfield><controlfield tag="008">090507s1710    tu            00| ||ara d</controlfield><datafield tag="035" ind1=" " ind2=" "><subfield code="a">(MiU)006769588</subfield></datafield><datafield tag="035" ind1=" " ind2=" "><subfield code="a">sdr-miu006769588</subfield></datafield><datafield tag="040" ind1=" " ind2=" "><subfield code="a">MiU</subfield><subfield code="c">MiU</subfield><subfield code="e">amremm</subfield></datafield><datafield tag="043" ind1=" " ind2=" "><subfield code="a">n-us-mi</subfield></datafield><datafield tag="100" ind1="1" ind2=" "><subfield code="6">880-01</subfield><subfield code="a">ʻUmarī, Muḥammad ibn ʻAbd al-Raḥīm,</subfield><subfield code="d">-1408 or 1409.</subfield></datafield><datafield tag="245" ind1="1" ind2="3"><subfield code="6">880-03</subfield><subfield code="a">[al-Ghanī fī Sharḥ al-Mughnī fī ʻilm al-naḥw,</subfield><subfield code="f">1122, i.e. 1710].</subfield></datafield><datafield tag="246" ind1="3" ind2=" "><subfield code="i">Title from foreedge flap label:</subfield><subfield code="a">شرح مغني</subfield></datafield><datafield tag="246" ind1="3" ind2=" "><subfield code="i">Edge title (tail):</subfield><subfield code="a">شرح مغني</subfield></datafield><datafield tag="260" ind1=" " ind2=" "><subfield code="a">[Erzincan,</subfield><subfield code="c">1710]</subfield></datafield><datafield tag="300" ind1=" " ind2=" "><subfield code="a">116 leaves :</subfield><subfield code="b">paper ;</subfield><subfield code="c">212 x 160 (149 x 75) mm. bound to 212 x 165 mm.</subfield></datafield><datafield tag="500" ind1=" " ind2=" "><subfield code="a">Shelfmark: Ann Arbor, University of Michigan, Special Collections Library, Isl. Ms. 145</subfield></datafield><datafield tag="500" ind1=" " ind2=" "><subfield code="a">Origin: As appears in colophon on p.230, copied by Aḥmad ibn Khiḍr (Ahmet bin Hızır) in Erzincan. Transcription completed first of Rabīʻ I 1122 [ca. 30 April 1710].</subfield></datafield><datafield tag="500" ind1=" " ind2=" "><subfield code="a">Accompanying materials: Pink-tinted folded sheet with notes, etc. (paginated pp.59-60).</subfield></datafield><datafield tag="500" ind1=" " ind2=" "><subfield code="a">Former shelfmark: British Museum, London "No. 158. Commentary on al-Mughni fi ilm al-nahw."</subfield></datafield><datafield tag="500" ind1=" " ind2=" "><subfield code="a">Binding: Pasteboards covered in black leather (goat?) ; Type II binding (with flap) ; board linings in laid paper ; upper and lower covers bear blind-stamped scalloped mandorla filled with symmetrical vegetal design (compare Déroche class. OSd) and accompanied by tooled rosette pendants and accents, as well as border in tooled fillets ; sewn in brown thread, two stations ; traces of worked endbands remain, core exposed ; in fair condition with some abrasion, staining, lifting of leather at spine, etc.</subfield></datafield><datafield tag="500" ind1=" " ind2=" "><subfield code="a">Support: European laid paper of several types, varying in thickness but all well-sized and burnished, with some tinted (dark yellow) ; opening quires in a European laid paper with 10 laid lines per cm. (vertical) and chain lines spaced 25 mm. apart (horizontal) ; latter quires in a European laid paper with 10 laid lines per cm. (vertical), chain lines spaced 22 mm. apart (horizontal), and watermark with crown above bar (with initials) above pendant (resembling beads or grapes).</subfield></datafield><datafield tag="500" ind1=" " ind2=" "><subfield code="a">Decoration: Keywords and abbreviation symbols rubricated ; overlining in red.</subfield></datafield><datafield tag="500" ind1=" " ind2=" "><subfield code="a">Script: Naskh ; bold Eastern Anatolian hand ; virtually serifless though occasional head-serifs appear on lām, free-standing alif, etc. ; pointed in the form of a curved line or inverted caret ; kāf mashkūlah (mashqūqah) preferred with bar (shaqq) elongated.</subfield></datafield><datafield tag="500" ind1=" " ind2=" "><subfield code="a">Layout: Written in 17 lines per page ; frame-ruled.</subfield></datafield><datafield tag="500" ind1=" " ind2=" "><subfield code="a">Collation: 10 V(100), V+1 (111), II+1 (116), i ; chiefly quinions ; final two leaves left blank ; catchwords present ; pagination in pencil, Western numerals, supplied during digitization (includes back flyleaf and insert).</subfield></datafield><datafield tag="500" ind1=" " ind2=" "><subfield code="a">Colophon: "Scribal," triangular, reads: "قد تمت هذه النسخة الشريفة على يد اضعف العباد واحقر الطلاب اذا حضر له يعرف واذا غاب لم يذكر احمد بن خضر غفر الله له ولوالديه واحسن اليهما واليه في تاريخ سنة اثنى وعشرون ومائة والف في اول شهر ربيع الاول في يوم الاثنين في وقت الضحى في بلد ارزنجان في مدرسة كرككرك تمت تمت تمت تمت"</subfield></datafield><datafield tag="500" ind1=" " ind2=" "><subfield code="a">Explicit: "قال السيد في شرح الكبير للكافية قوله وهو قليل اي والتنوين الغالي في كلام الفصحاء قليل والله اعلم بالصواب تمت الكتاب"</subfield></datafield><datafield tag="500" ind1=" " ind2=" "><subfield code="a">Incipit: "الحمد لله الفاطر الحكيم القادر العليم ... فقد يقول العبد الضعيف ... محمد بن عبد الرحيم بن محمد العمري الميلان لما لم يكن للكتاب المسمى بالمغني في علم النحو شرح وهو من مصنفات استاذنا العلامة ... فخر الملة والدين احمد بن الحسين الجاپردي ... فقد خطر بالي ان اشرح له شرحا"</subfield></datafield><datafield tag="500" ind1=" " ind2=" "><subfield code="a">Title supplied by cataloguer.</subfield></datafield><datafield tag="500" ind1=" " ind2=" "><subfield code="a">Ms. codex.</subfield></datafield><datafield tag="510" ind1="4" ind2=" "><subfield code="a">Brockelmann, C. GAL,</subfield><subfield code="c">S II 257</subfield></datafield><datafield tag="520" ind1="8" ind2=" "><subfield code="a">Clear copy of the commentary on al-Mughnī fī ʻilm al-naḥw, a treatise on grammar by the author's teacher, Fakhr al-Dīn al-Jārbardī (d.1345).</subfield></datafield><datafield tag="538" ind1=" " ind2=" "><subfield code="a">Mode of access: Internet.</subfield></datafield><datafield tag="541" ind1=" " ind2=" "><subfield code="c">Purchase ;</subfield><subfield code="a">Acquired by purchase (funds donated by Horace Rackham).</subfield><subfield code="d">1924.</subfield></datafield><datafield tag="546" ind1=" " ind2=" "><subfield code="a">Arabic.</subfield></datafield><datafield tag="561" ind1=" " ind2=" "><subfield code="a">Bookplate of British Museum, on interior of upper cover, "British Museum, London. No. 158. Commentary on al-Mughni fi ilm al-nahw." ; circular seal impression with figure of goat/gazelle in purple ink as well as inscription "337" in Western numerals on 'title page' (p.1) ; on paper (blue-tinted) pasted on 'title page' (p.1), a detailed waqf statement in the name of al-Sayyid ʻAbd Allāh Adīb (Abdullah Edip), known as Jannatʹzādah (Cennet-zade), qāḍī of Erzurum, accompanied by his seal, reads: "وقفت وقفا صحيحا شرعيا على ان لا يخرج من بيت الكتب الملتصق بداري الا لعلماء سكنوا بارضروم بكفيل مرعى اورهن قوي وانا الفقير السيد عبد الله اديب الشهير بجنت زاده القاضي بمدينة ارضروم في سنة اثنى وستين ومائتين والف" ; also on 'title page' (p.1) an octagonal seal impression in black ink ; extensive glosses ; occasional marginal corrections.</subfield></datafield><datafield tag="600" ind1="1" ind2="0"><subfield code="a">Jārbardī, Fakhr al-Dīn Aḥmad ibn al-Ḥasan,</subfield><subfield code="d">-1345.</subfield><subfield code="t">Mughnī fī ʻilm al-naḥw.</subfield></datafield><datafield tag="650" ind1=" " ind2="0"><subfield code="a">Manuscripts, Arabic</subfield><subfield code="z">Michigan</subfield><subfield code="z">Ann Arbor.</subfield></datafield><datafield tag="650" ind1=" " ind2="0"><subfield code="a">Arabic language</subfield><subfield code="x">Grammar</subfield><subfield code="v">Early works to 1800.</subfield></datafield><datafield tag="700" ind1="0" ind2=" "><subfield code="6">880-05</subfield><subfield code="a">Ahmet bin Hızır,</subfield><subfield code="d">fl. 1710,</subfield><subfield code="e">scribe.</subfield></datafield><datafield tag="773" ind1="0" ind2=" "><subfield code="a">Tiflis Collection.</subfield></datafield><datafield tag="880" ind1="0" ind2=" "><subfield code="6">700-05/</subfield><subfield code="a">احمد بن خضر،</subfield><subfield code="e">ناسخ.</subfield></datafield><datafield tag="880" ind1="1" ind2="2"><subfield code="6">245-03/</subfield><subfield code="a">[الغني في شرح المغني في علم النحو,</subfield><subfield code="f">1122ه, 1710م].</subfield></datafield><datafield tag="880" ind1="1" ind2=" "><subfield code="6">100-01/</subfield><subfield code="a">عمري، محمد بن عبد الرحيم.</subfield></datafield><datafield tag="CID" ind1=" " ind2=" "><subfield code="a">006769588</subfield></datafield><datafield tag="DAT" ind1="0" ind2=" "><subfield code="a">20190719102635.0</subfield><subfield code="b">20190719000000.0</subfield></datafield><datafield tag="DAT" ind1="1" ind2=" "><subfield code="a">20190719090653.0</subfield><subfield code="b">2019-07-19T16:11:02Z</subfield></datafield><datafield tag="DAT" ind1="2" ind2=" "><subfield code="a">2015-10-02T18:00:03Z</subfield></datafield><datafield tag="CAT" ind1=" " ind2=" "><subfield code="a">SDR-MIU</subfield><subfield code="d">EX LIBRIS - ALEPH</subfield><subfield code="l">prepare.pl-004-008</subfield></datafield><datafield tag="FMT" ind1=" " ind2=" "><subfield code="a">BK</subfield></datafield><datafield tag="HOL" ind1=" " ind2=" "><subfield code="0">sdr-miu006769588</subfield><subfield code="a">MiU</subfield><subfield code="b">SDR</subfield><subfield code="c">MIU</subfield><subfield code="p">mdp.39015079125962</subfield><subfield code="s">MIU</subfield><subfield code="1">006769588</subfield></datafield><datafield tag="974" ind1=" " ind2=" "><subfield code="b">MIU</subfield><subfield code="c">MIU</subfield><subfield code="d">20190719</subfield><subfield code="s">lit-dlps-dc</subfield><subfield code="u">mdp.39015079125962</subfield><subfield code="y">1710</subfield><subfield code="r">pd</subfield><subfield code="q">bib</subfield><subfield code="t">non-US bib date1 &lt; 1879</subfield></datafield></record></collection>